@article{ragan2013halide,
  title={Halide: a language and compiler for optimizing parallelism, locality, and recomputation in image processing pipelines},
  author={Ragan-Kelley, Jonathan and Barnes, Connelly and Adams, Andrew and Paris, Sylvain and Durand, Fr{\'e}do and Amarasinghe, Saman},
  journal={ACM SIGPLAN Notices},
  volume={48},
  number={6},
  pages={519--530},
  year={2013},
  publisher={ACM}
}

@article{ragan2012decoupling,
  title={Decoupling algorithms from schedules for easy optimization of image processing pipelines.},
  author={Ragan-Kelley, Jonathan and Adams, Andrew and Paris, Sylvain and Levoy, Marc and Amarasinghe, Saman P and Durand, Fr{\'e}do},
  journal={ACM Trans. Graph.},
  volume={31},
  number={4},
  pages={32},
  year={2012},
  publisher={Citeseer}
}

@article{moczo2007finite,
  title={The finite-difference time-domain method for modeling of seismic wave propagation},
  author={Moczo, Peter and Robertsson, Johan OA and Eisner, Leo},
  journal={Advances in Geophysics},
  volume={48},
  pages={421--516},
  year={2007},
  publisher={Elsevier}
}

@article{johnson2008notes,
  title={Notes on perfectly matched layers (PMLs)},
  author={Johnson, Steven G},
  journal={Lecture notes, Massachusetts Institute of Technology, Massachusetts},
  year={2008}
}